

@inproceedings{agarwal2014knowing,
	Author = {Agarwal, Sameer and Milner, Henry and Kleiner, Ariel and Talwalkar, Ameet and Jordan, Michael and Madden, Samuel and Mozafari, Barzan and Stoica, Ion},
	Booktitle = {Proceedings of the 2014 ACM SIGMOD international conference on Management of data},
	Date-Added = {2016-11-11 19:35:31 +0000},
	Date-Modified = {2016-11-11 19:35:31 +0000},
	Organization = {ACM},
	Pages = {481--492},
	Title = {Knowing when you're wrong: building fast and reliable approximate query processing systems},
	Year = {2014}}
